<?xml version="1.0" encoding="UTF-8"?><collection xmlns="http://www.loc.gov/MARC21/slim"><record><leader>00412nam--2200145-i-4500</leader><controlfield tag="001">000035728</controlfield><controlfield tag="002">20161230</controlfield><controlfield tag="005">20161230201040</controlfield><controlfield tag="008">060222s1000------------r-----000-0-eng-d</controlfield><datafield ind1=" " ind2=" " tag="080"><subfield code="a">538.971(061.3)</subfield></datafield><datafield ind1=" " ind2=" " tag="245"><subfield code="a">Ordering at surfaces and interfaces. with 215 fig</subfield></datafield><datafield ind1=" " ind2=" " tag="260"><subfield code="a">Berlin, Springer-verlag, 1992, X + 379p</subfield></datafield><datafield ind1=" " ind2=" " tag="490"><subfield code="a">Springer Series In Materials Sciences</subfield></datafield><datafield ind1=" " ind2=" " tag="700"><subfield code="a">Yoshimori, A./S.A</subfield></datafield><datafield ind1=" " ind2=" " tag="852"><subfield code="a">78671</subfield></datafield></record></collection>